@online{Fashionpedia2020,
    title={Fashionpedia: Ontology, Segmentation, and an Attribute Localization Dataset},
    author={Menglin Jia and Mengyun Shi and Mikhail Sirotenko and Yin Cui and Claire Cardie and Bharath Hariharan and Hartwig Adam and Serge Belongie},
    year={2020},
    month={04},
    eprint={2004.12276},
    archivePrefix={arXiv},
    primaryClass={cs.CV},
    url={https://fashionpedia.github.io/home/index.html},
    urldate={2020-05-01}
}

@online{FashionMNIST2017,
    author       = {Han Xiao and Kashif Rasul and Roland Vollgraf},
    title        = {Fashion-MNIST: a Novel Image Dataset for Benchmarking Machine Learning Algorithms},
    year         = {2017},
    month        = {08},
    eprintclass  = {cs.LG},
    eprinttype   = {arXiv},
    eprint       = {cs.LG/1708.07747},
    url={https://github.com/zalandoresearch/fashion-mnist},
    urldate={2020-05-01}
}

@online{DeepFashion2016,
    author = {Liu, Ziwei and Luo, Ping and Qiu, Shi and Wang, Xiaogang and Tang, Xiaoou},
    title = {DeepFashion: Powering Robust Clothes Recognition and Retrieval with Rich Annotations},
    booktitle = {Proceedings of IEEE Conference on Computer Vision and Pattern Recognition (CVPR)},
    month = {06},
    year = {2016},
    url={http://mmlab.ie.cuhk.edu.hk/projects/DeepFashion.html},
    urldate={2020-05-01}
 }
 
@online {FashionProduct2019,
    title={Fashion Product Images Dataset},
    url={https://www.kaggle.com/paramaggarwal/fashion-product-images-dataset},
    author={Aggarwal, Param},
    month = {03},
    year = {2019},
    urldate={2020-05-01}
}

@online{Mahanta2020, 
    title={Introduction to Neural Networks, Advantages and Applications},
    url={https://towardsdatascience.com/introduction-to-neural-networks-advantages-and-applications-96851bd1a207},
    journal={Medium},
    publisher={Towards Data Science},
    author={Mahanta, Jahnavi},
    year={2017},
    month={07},
    urldate={2020-05-03}
}

@book{Goodfellow2016,
    title={Deep Learning},
    author={Ian Goodfellow and Yoshua Bengio and Aaron Courville},
    publisher={MIT Press},
    year={2016}
}

@online{CS2020,
    author={Stanford Vision Lab},
    title={Convolutional Neural Networks (CNNs / ConvNets)}, url={http://cs231n.github.io/convolutional-networks}, 
    journal={CS231n Convolutional Neural Networks for Visual Recognition},
    urldate={2020-05-03}
}